<?xml version="1.0" encoding="UTF-8"?><collection xmlns="http://www.loc.gov/MARC21/slim"><record><leader>00634nam--2200217-u-4500</leader><controlfield tag="001">000052144</controlfield><controlfield tag="002">20161230</controlfield><controlfield tag="005">20161230201049</controlfield><controlfield tag="008">090811s1000------------r-----000-0-eng-d</controlfield><datafield ind1=" " ind2=" " tag="020"><subfield code="a">0521654750</subfield></datafield><datafield ind1=" " ind2=" " tag="040"><subfield code="a">IFIN-HH</subfield></datafield><datafield ind1=" " ind2=" " tag="080"><subfield code="a">530.1</subfield></datafield><datafield ind1="1" ind2=" " tag="100"><subfield code="a">Gambini, Rodolfo</subfield></datafield><datafield ind1="1" ind2="0" tag="245"><subfield code="a">Loops, Knots, Gauge Theories, and Qunatum Gravity</subfield><subfield code="c">Rodolfo Gambini, Jorge Pullin</subfield></datafield><datafield ind1=" " ind2=" " tag="260"><subfield code="a">Cambridge</subfield><subfield code="b">Cambridge University Press</subfield><subfield code="c">1996</subfield></datafield><datafield ind1=" " ind2=" " tag="300"><subfield code="a">XVI, 321 p</subfield></datafield><datafield ind1=" " ind2="0" tag="490"><subfield code="a">Cambridge Monographs on Mathematical Physics</subfield></datafield><datafield ind1=" " ind2="0" tag="650"><subfield code="a">Quantum field thoery</subfield></datafield><datafield ind1="1" ind2=" " tag="700"><subfield code="a">Pullin, Jorge</subfield></datafield><datafield ind1=" " ind2=" " tag="852"><subfield code="a">82272</subfield><subfield code="c">530.1</subfield></datafield><datafield ind1=" " ind2=" " tag="CAT"><subfield code="a">Sys</subfield><subfield code="c">20110324</subfield><subfield code="h">120116</subfield></datafield></record></collection>